
@string{APCC  = {IEEE Asia-Pacific Conference on Computer Aided System Engineering}}

@string{BMVC  = {British Machine Vision Virtual Conference}}
%%%%%%%%%%%%%%%%%%%%%%%%%%%%%%%%%%%%%%%%%%%%%%%%%%%%%%%%%%
@inproceedings{herrera2015sliding,
  title={Sliding mode control: An approach to control a quadrotor},
  author={Herrera, Marco and Chamorro, William and G{\'o}mez, Alejandro P and Camacho, Oscar},
  booktitle=APCC,
  pages={314--319},
  year={2015}
}

@inproceedings{chamorro2020high,
  title={High-speed event camera tracking},
  author={Chamorro Hern{\'a}ndez, William Oswaldo and Andrade-Cetto, Juan and Sol{\`a} Ortega, Joan},
  booktitle=BMVC,
  pages={1--12},
  year={2020}
}